@conference{Mirgorodskiy2006,
    author       = {Alexander V. Mirgorodskiy and Naoya Maruyama and Barton P. Miller},
    title        = {Problem Diagnosis in Large-Scale Computing Environments},
    booktitle    = {Supercomputing 2006},
    year         = {2006},
    month        = nov,
    address      = "Tampa, Florida, USA",
}

@conference{Fang2012,
    title        = {Automated Tracing and Visualization of Software Security Structure and Properties},
    author       = {Wenbin Fang and Barton P. Miller and James A. Kupsch},
    booktitle    = {VizSec 2012},
    year         = {2012},
    month        = Oct,
    address      = "Seattle, Washington, USA",
}
